<?xml version="1.0" encoding="UTF-8"?><collection xmlns="http://www.loc.gov/MARC21/slim"><record><leader>00377nam--2200133-i-4500</leader><controlfield tag="001">000040777</controlfield><controlfield tag="002">20161230</controlfield><controlfield tag="005">20161230201042</controlfield><controlfield tag="008">060222s1000------------r-----000-0-eng-d</controlfield><datafield ind1=" " ind2=" " tag="080"><subfield code="a">536.24:533.6</subfield></datafield><datafield ind1=" " ind2=" " tag="245"><subfield code="a">Schimbul de caldura si aerohidrodinamica. sub redactarea lui subenco, l.a</subfield></datafield><datafield ind1=" " ind2=" " tag="260"><subfield code="a">Bucuresti, Ed.Energ.De Stat, 1953, 141p</subfield></datafield><datafield ind1=" " ind2=" " tag="490"><subfield code="a">Trad.Din L.Rusa</subfield></datafield><datafield ind1=" " ind2=" " tag="852"><subfield code="a">3453</subfield></datafield></record></collection>